@article{TarrachWalenti,
  title={Exact lower bounds to the ground-state energy of spin systems: The two-dimensional S= 1/2 antiferromagnetic Heisenberg model},
  author={Tarrach, Rolf and Valent{\'\i}, Roser},
  journal={Physical Review B},
  volume={41},
  number={13},
  pages={9611},
  year={1990},
  publisher={APS}
}